@ARTICLE{Bonvini-Recognition,
AUTHOR="Alessandro Bonvini",
TITLE="Automatic chord recognition using Deep
Learning techniques",
JOURNAL="Journal: POLITECNICO DI MILANO Facoltà di Ingegneria dell'Informazione
Corso di Laurea Magistrale in Ingegneria e Design del suono
Dipartimento di Elettronica e Informazione",
YEAR="2012-2013",
}

@ARTICLE{Audio-Sig-Processing,
AUTHOR="Preeti Rao",
TITLE="Audio Signal Processing, Chapter in Speech, Audio, Image and Biomedical
Signal Processing using Neural Networks",
JOURNAL="Bhanu Prasad and S. R. Mahadeva
Prasanna, Springer-Verlag",
YEAR="2007",
}

@ARTICLE{Chord-Segmentation-and-Recognition-using-EM-Trained-HMM,
AUTHOR="Alexander Sheh and Daniel P.W. Ellis",
TITLE="Chord Segmentation and Recognition using EM-Trained Hidden Markov Models",
JOURNAL="International Symposium on Music Information Retrieval",
YEAR="2003",
}

@ARTICLE{Rethinking-Automatic-Chord-Recognition-with-CNN,
AUTHOR="Eric J. Humphrey and Juan P. Bello",
TITLE="Rethinking Automatic Chord Recognition with Convolutional Neural Networks",
JOURNAL="Music and Audio Research Lab (MARL)
New York University",
YEAR="2012 11th International Conference on Machine Learning and Applications",
}

@ARTICLE{An-AI-Approach-to-Automatic-Natural-Music-Transcription,
AUTHOR="Michael Bereket and Karey Shi",	
TITLE="An AI Approach to Automatic Natural Music Transcription",
JOURNAL="Stanford University",
YEAR="2017",
}

@ARTICLE{Automatic-Chord-Recognition-from-Audio-Using-an-HMM-with-Supervised-Learning,
AUTHOR="Kyogu Lee and Malcolm Slaney",	
TITLE="Automatic Chord Recognition from Audio Using an HMM with Supervised
Learning",
JOURNAL="ISMIR 2006, 7th International Conference on Music Information Retrieval",
YEAR="2006",
}

@ARTICLE{Chord-detection-using-Deep-Learning,
AUTHOR="Xinquan Zhou and Alexander Lerch",	
TITLE="Chord detection using Deep Learning",
JOURNAL="ISMIR 2015, International Conference on Music Information Retrieval",
YEAR = "2015"
}

@ARTICLE{Guitar-Set,
AUTHOR="J. Pauwels and Q.Xi and R.Bittner and J.P.Bello and X.Ye",	
TITLE="Guitarset, A Dataset for Guitar Transcription",
JOURNAL="19th International Society for Music Information Retrieval Conference, Paris, France",
YEAR = "2018"
}

@ARTICLE{Towards-CNN-based-Acoustic-Modeling-of-Seventh-Chords-for-ACR,
AUTHOR="Christon-Ragavan Nadar and Jakob Abeßer and Sascha Grollmisch",	
TITLE="Towards CNN-based Acoustic Modeling of Seventh Chords for Automatic Chord Recognition",
JOURNAL="Sound and Music Computing Conference (SMC), Malaga",
YEAR = "2019"
}

@INCOLLECTION{Understanding-Batch-Normalization,
AUTHOR="Bjorck, Nils and Gomes, Carla P and Selman, Bart and Weinberger, Kilian Q",
TITLE="Understanding Batch Normalization",
BOOKTITLE="Advances in Neural Information Processing Systems 31",
EDITOR="S. Bengio and H. Wallach and H. Larochelle and K. Grauman and N. Cesa-Bianchi and R. Garnett",
PAGES="7694--7705",
PUBLISHER="Curran Association, Inc.",
URL="https://papers.nips.cc/paper/7996-understanding-batch-normalization",
YEAR = "2018"
}

@ARTICLE{Evaluating-the-online-capabilities-of-Onset-detection-methods,
AUTHOR="Sebastian Bock and Florian Krebs and Markus Schedl",
TITLE="Evaluating the online capabilities of Onset detection methods",
JOURNAL="Department of Computational Perception",
YEAR = "2012"
}

@ARTICLE{Generating-Guitar-Tablatures-with-Neural-Networks,
AUTHOR="Elias Mistler",
TITLE="Generating Guitar Tablatures with Neural Networks",
JOURNAL="School of Informatics, University of Edinburgh",
YEAR = "2017"
}

@BOOK{Tehnici-de-inteligență-computațională-Aplicații-în-electronică-și-biomedicină,
AUTHOR="Dan-Marius Dobrea",
TITLE="Tehnici de inteligență computațională. Aplicații în electronică și biomedicină",
PUBLISHER=" Editura Performantica (editură acreditată CNCSIS), Iaşi, România, ISBN 978-606-685-546-4",
URL="http://www.etc.tuiasi.ro/cin/Courses/Epiom/Course/Curs_Rtizrt123XuAsdr/Capitol%20RNA.pdf",
YEAR="2017",
}


@BOOK{Ed-muz-sinteze-corelari-interdisc,
AUTHOR="Munteanu Gabriela",
TITLE="Educație muzicală, Sinteze și corelări interdisciplinare",
PUBLISHER="Editura Artrom",
YEAR="2001",
}

@BOOK{Hands-On-Machine-Learning,
AUTHOR="Aurélien Géron",
TITLE="Hands-on Machine Learning with Scikit-Learn, Keras and TensorFlow",
PUBLISHER="O’Reilly Media, ISBN-13: 9781492032649",
YEAR="2019",
}

@BOOK{Constant-Q-Spectral,
AUTHOR="Judith C Brown",
TITLE="Calculation of a constant q spectral transform",
PUBLISHER="The Journal of the Acoustical Society of America",
YEAR="1991",
}

@BOOK{Harmonic-content-in-music-signals,
AUTHOR="Juan P Bello and Jeremy Pickens",
TITLE="A robust mid-level representation for
harmonic content in music signals.",
PUBLISHER="In processing of ISMIR",
PAGES="304--311",
YEAR="2005",
}

@BOOK{Fourier-Transform,
AUTHOR="Bracewell, R. N.",
TITLE="The Fourier Transform and Its Applications (ed. 3rd)",
PUBLISHER="McGraw-Hill, ISBN-13: 9781124130941",
YEAR="2000",
}

@BOOK{Speech-and-Language-Processing,
AUTHOR="Daniel Jurafsky and James H. Martin",
TITLE="Speech and Language Processing, An Introduction to Natural Language Processing,
Computational Linguistics, and Speech Recognition",
PUBLISHER="Draft of October 16, ISBN-13: 9789332518414",
YEAR="2019"
}

@INCOLLECTION{Ingineria-sistemelor-de-programare,
AUTHOR="Cornelia Novac Ududec",
BOOKTITLE="Ingineria sistemelor de programare",
TITLE="Ingineria programării",
PUBLISHER="Editura Alma Mater Bacău 2011",
}

@BOOK{Signals-Sound-and-Sensation,
AUTHOR="Hartmann and William Morris",
TITLE="Signals, Sound, and Sensation",
PUBLISHER="Springer. pp. 145, 284, 287. ISBN 978-1-56396-283-7",
}

@MISC{WEBSITE:victorimpmooc,
	url = "https://victorimpmooc.wordpress.com",
	TITLE = "Analog to digital converion process",
	urldate = "2020-03-05"
}

@MISC{WEBSITE:fourier-visualization,
	url = "https://prajwalsouza.github.io/Experiments/Fourier-Transform-Visualization.html",
	TITLE = "Fourier Transform Visualization, based on video presentation. Experiment using project",
	urldate = "2020-06-07"
}

@MISC{WEBSITE:the-music-studio,
	url = "https://www.themusicstudio.ca/blog/2017/11/909/",
	TITLE = "The Music Studio",
	urldate = "2020-03-29"
}  

@MISC{WEBSITE:hmm-model-figure,
	url = "https://www.researchgate.net/",
	TITLE = "ResearchGate - Example of the probabilistic parameter of a hidden Markov model",
	urldate = "2020-04-05"
}  

@MISC{WEBSITE:librosa,
	url = "https://librosa.github.io/librosa/index.html",
	TITLE = "LibROSA",
	urldate = "2020-04-06"
}  

@MISC{WEBSITE:cnn-for-visual-recognition,
	url = "https://cs231n.github.io/convolutional-networks/overview",
	TITLE = "CS231n: Convolutional Neural Networks for Visual Recognition, by Stanford University",
	urldate = "2020-04-06"
} 

@MISC{WEBSITE:conv2d-working-cnn,
	url = "https://missinglink.ai/guides/keras/keras-conv2d-working-cnn-2d-convolutions-keras/",
	TITLE = "Working with CNN 2D Convolutions in Keras",
	urldate = "2020-04-06"
}  

@MISC{WEBSITE:rovislab,
	url = "http://www.rovislab.com/courses/ml/",
	TITLE = "Robotics, Vision and Control (ROVIS) Laboratory",
	urldate = "2020-04-08"
}  

@MISC{WEBSITE:medium-raghav,
	url = "http://www.mathworks.com/solutions/deep-learning/convolutional-neural-network.html",
	TITLE = "MathWorks-Convolutional Neural Network",
	urldate = "2020-04-08"
}  

@MISC{WEBSITE:google-colab,
	url = "https://www.tutorialspoint.com/google_colab/what_is_google_colab.htm",
	TITLE = "Google Colab",
	urldate = "2020-04-26"
}  

@MISC{WEBSITE:python,
	url = "https://www.python.org/doc/essays/blurb/",
	TITLE = "What is Python? Executive Summary",
	urldate = "2020-04-26"
}  

@MISC{WEBSITE:pycharm,
	url = "https://kite.com/blog/python/pycharm/",
	TITLE = "Guide to PyCharm for Windows and MacOS",
	urldate = "2020-04-26"
}  

@MISC{WEBSITE:onset-detection,
	url = "https://musicinformationretrieval.com/onset_detection.html",
	TITLE = "Onset Detection",
	urldate = "2020-04-28"
}  

@MISC{WEBSITE:kotlin-overview,
	url = "https://developer.android.com/kotlin/overview",
	TITLE = "Kotlin overview",
	urldate = "2020-05-02"
}

@MISC{WEBSITE:meet-android-studio,
	url = "https://developer.android.com/studio/intro",
	TITLE = "Meet Android Studio",
	urldate = "2020-05-02"
}

@MISC{WEBSITE:ml-crash-course,
	url = "https://developers.google.com/machine-learning/crash-course",
	TITLE = "Machine Learning Crash Course",
	urldate = "2020-05-02"
}

@MISC{WEBSITE:pandas,
	url = "https://pypi.org/project/pandas/",
	TITLE = "Pandas 1.0.3",
	urldate = "2020-05-02"
}

@MISC{WEBSITE:numpy,
	url = "https://numpy.org/",
	TITLE = "NumPy",
	urldate = "2020-05-02"
}

@MISC{WEBSITE:chitara-notiuni-esentiale,
	url = "https://promusicprod.ro/notiuni-esentiale-despre-acorduri-la-o-chitara-clasica/",
	TITLE = "Notiuni esentiale despre acorduri la o chitara acustica",
	urldate = "2020-05-04"
}

@MISC{WEBSITE:c-sharp-note,
	url = "https://www.basicmusictheory.com/c-sharp-urldate",
	TITLE = "C-sharp urldate",
	urldate = "2020-05-04"
}

@MISC{WEBSITE:tabulaturi,
	url = "https://www.tabulaturi.ro/lectii/ce-este-o-tabulatura",
	TITLE = "Ce este o tabulatură?",
	urldate = "2020-05-04"
}

@MISC{WEBSITE:ultimate-guitar,
	url = "https://www.ultimate-guitar.com/",
	TITLE = "Ultimate Guitar",
	urldate = "2020-05-04"
}

@MISC{WEBSITE:guitar-chords-chart,
	url = "https://takelessons.com/blog/guitar-chord-charts-z01/",
	TITLE = "Easy Tips for Reading Guitar Chord Charts",
	urldate = "2020-05-04"
}

@MISC{WEBSITE:android-mvvm,
	url = "https://developer.android.com/jetpack/docs/guide",
	TITLE = "Guide to app architecture",
	urldate = "2020-05-12"
}

@MISC{WEBSITE:android-activity,
	url = "https://developer.android.com/guide/components/activities/activity-lifecycle",
	TITLE = "Understand the Activity Lifecycle",
	urldate = "2020-05-12"
}

@MISC{WEBSITE:android-activity,
	url = "https://developer.android.com/guide/components/activities/activity-lifecycle",
	TITLE = "Understand the Activity Lifecycle",
	urldate = "2020-05-12"
}

@MISC{WEBSITE:android-room,
	url = "https://developer.android.com/jetpack/androidx/releases/room",
	TITLE = "Room",
	urldate = "2020-05-31"
}

@MISC{WEBSITE:android-layouts,
	url = "https://developer.android.com/guide/topics/ui/declaring-layout",
	TITLE = "Layouts",
	urldate = "2020-05-31"
}

@MISC{WEBSITE:android-layouts,
	url = "https://developer.android.com/guide/topics/ui/declaring-layout",
	TITLE = "Layouts",
	urldate = "2020-05-31"
}

@MISC{WEBSITE:k-fold-cross-validation,
	url = "https://machinelearningmastery.com/k-fold-cross-validation/",
	TITLE = "k-Fold Cross-Validation",
	urldate = "2020-06-01"
}